@ARTICLE {[DP19],
    author  = "Léo Ducas and Cécile Pierrot",
    title   = "Polynomial Time Bounded Distance Decodingnear Minkowski’s Boundin Discrete Logarithm Lattices",
    journal = "Des. Codes Cryptogr.",
    year    = "2019",
    pages   = "87(8): 1737-1748"
}
