@ARTICLE {[DP19],
    author  = "Léo Ducas and Cécile Pierrot",
    title   = "Polynomial Time Bounded Distance Decodingnear Minkowski’s Boundin Discrete Logarithm Lattices",
    journal = "Des. Codes Cryptogr.",
    year    = "2019",
    pages   = "87(8): 1737-1748"
}


@ARTICLE {[PH78],
    author  = "Stephen C. Pohlig and Martin E. Hellman",
    title   = "An improved algorithm for computing logarithms over $GF(p)$ and its cryptographic significance",
    journal = "IEEE Transactions on Information Theory",
    year    = "1978",
    pages   = "24(1):106–110"
}

@ARTICLE {[Pol78],
    author  = "John Pollard",
    title   = "Monte Carlo methods for index computations mod p",
    journal = "Mathematics of Computation",
    year    = "1978",
    pages   = "918–924"
}

@Book {[HW09],
    author  = "G. H. Hardy and E. M. Wright",
    title   = "An Introduction to the Theory of Numbers",
    edition = "6",
    year    = "2009"
}


@ARTICLE {[CR88],
    author  = "Benny Chor and Ronald R. Rivest",
    title   = "A knapsack-type public key cryptosystem based on arithmetic in finite fields.",
    journal = "IEEE Trans. Information Theory",
    year    = "1988",
    pages   = "34(5):901-909"
}

@ARTICLE {[LLXY17],
    author  = "Zhe Li and San Ling and Chaoping Xing and Sze Ling Yeo.",
    title   = "On the closest vec-tor problem for lattices constructed from polynomials and their cryptographic applications.",
    journal = "Cryptology ePrint Archive",
    year    = "2017"
}

@ARTICLE {[KM06],
    author = {Sara Khodadad and Michael Monagan},
    year = {2006},
    pages = {184-190},
    title = {Fast rational function reconstruction},
    journal = {Proceedings of the International Symposium on Symbolic and Algebraic Computation, ISSAC},
}

@Book {[GG13],
    author  = "Joachim von zur Gathen, Jürgen Gerhard",
    title   = "Modern Computer Algebra",
    edition = "3",
    year    = "2013"
}

@Book {[GC65],
    author = "Carl Friedrich Gauss and Arthur A. Clarke",
    title = "Disquisitiones Arithmeticae",
    chapter = "section 8",
    year = "1965"
}
